@article{Troullier:1991ey,
author = {Troullier, N and Martins, Jos{\'e} Lu{\'\i}s},
title = {{Efficient pseudopotentials for plane-wave calculations}},
journal = {Physical Review B},
year = {1991},
volume = {43},
number = {3},
pages = {1993--2006},
month = jan
}

@article{Kleinman:1982cx,
  author = {Kleinman, Leonard and Bylander, D M},
  title = {{Efficacious Form for Model Pseudopotentials}},
  journal = {Physical Review Letters},
  year = {1982},
  volume = {48},
  number = {20},
  pages = {1425--1428},
  month = may
}

@book{martin2004electronic,
  title={Electronic structure: basic theory and practical methods},
  author={Martin, Richard M},
  year={2004},
  publisher={Cambridge university press}
}

@article{troullier1990straightforward,
  title={A straightforward method for generating soft transferable pseudopotentials},
  author={Troullier, N and Martins, Jos{\'e}Lu{\'\i}s},
  journal={Solid State Communications},
  volume={74},
  number={7},
  pages={613--616},
  year={1990},
  publisher={Elsevier}
}

@article{Kerker:1980cs,
  author = {Kerker, G P},
  title = {{Non-singular atomic pseudopotentials for solid state applications}},
  journal = {Journal of Physics C: Solid State Physics},
  year = {1980},
  volume = {13},
  number = {9},
  pages = {L189--L194}
}

@article{Topp:1973cp,
  author = {Topp, William C and Hopfield, John J},
  title = {{Chemically Motivated Pseudopotential for Sodium}},
  journal = {Physical Review B},
  year = {1973},
  volume = {7},
  number = {4},
  pages = {1295--1303},
  month = feb
}

@article{Rappe:1990dk,
  author = {Rappe, Andrew M and Rabe, Karin M and Kaxiras, Efthimios and Joannopoulos, J D},
  title = {{Optimized pseudopotentials}},
  journal = {Physical Review B},
  year = {1990},
  volume = {41},
  number = {2},
  pages = {1227--1230},
  month = jan
}

@article{ceperley1980ground,
  title={Ground state of the electron gas by a stochastic method},
  author={Ceperley, David M and Alder, BJ},
  journal={Physical Review Letters},
  volume={45},
  number={7},
  pages={566},
  year={1980},
  publisher={APS}
}

@article{perdew1981self,
  title={Self-interaction correction to density-functional approximations for many-electron systems},
  author={Perdew, John P and Zunger, Alex},
  journal={Physical Review B},
  volume={23},
  number={10},
  pages={5048},
  year={1981},
  publisher={APS}
}

@article{Vanderbilt:1990is,
  author = {Vanderbilt, David},
  title = {{Soft self-consistent pseudopotentials in a generalized eigenvalue formalism}},
  journal = {Physical Review B},
  year = {1990},
  volume = {41},
  number = {11},
  pages = {7892--7895},
  month = apr
}

@article{Enkovaara:2010jd,
  author = {Enkovaara, J and Rostgaard, C and Mortensen, J J and Chen, J and Du ak, M and Ferrighi, L and Gavnholt, J and Glinsvad, C and Haikola, V and Hansen, H A and Kristoffersen, H H and Kuisma, M and Larsen, A H and Lehtovaara, L and Ljungberg, M and Lopez-Acevedo, O and Moses, P G and Ojanen, J and Olsen, T and Petzold, V and Romero, N A and Stausholm-M ller, J and Strange, M and Tritsaris, G A and Vanin, M and Walter, M and Hammer, B and H kkinen, H and Madsen, G K H and Nieminen, R M and N rskov, J K and Puska, M and Rantala, T T and Schi tz, J and Thygesen, K S and Jacobsen, K W},
  title = {{Electronic structure calculations with GPAW: a real-space implementation of the projector augmented-wave method}},
  journal = {Journal of Physics: Condensed Matter},
  year = {2010},
  volume = {22},
  number = {25},
  pages = {253202},
  month = jun
}

@article{rostgaard2009projector,
  title={The projector augmented-wave method},
  author={Rostgaard, Carsten},
  journal={arXiv preprint arXiv:0910.1921},
  year={2009}
}

@article{Mortensen:2005ep,
  author = {Mortensen, J J and Hansen, L B and Jacobsen, K W},
  title = {{Real-space grid implementation of the projector augmented wave method}},
  journal = {Physical Review B},
  year = {2005},
  volume = {71},
  number = {3},
  pages = {035109},
  month = jan
}