@article{Troullier:1991ey,
author = {Troullier, N and Martins, Jos{\'e} Lu{\'\i}s},
title = {{Efficient pseudopotentials for plane-wave calculations}},
journal = {Physical Review B},
year = {1991},
volume = {43},
number = {3},
pages = {1993--2006},
month = jan
}

@article{Kleinman:1982cx,
  author = {Kleinman, Leonard and Bylander, D M},
  title = {{Efficacious Form for Model Pseudopotentials}},
  journal = {Physical Review Letters},
  year = {1982},
  volume = {48},
  number = {20},
  pages = {1425--1428},
  month = may
}

@book{martin2004electronic,
  title={Electronic structure: basic theory and practical methods},
  author={Martin, Richard M},
  year={2004},
  publisher={Cambridge university press}
}

@article{troullier1990straightforward,
  title={A straightforward method for generating soft transferable pseudopotentials},
  author={Troullier, N and Martins, Jos{\'e}Lu{\'\i}s},
  journal={Solid State Communications},
  volume={74},
  number={7},
  pages={613--616},
  year={1990},
  publisher={Elsevier}
}

@article{Kerker:1980cs,
  author = {Kerker, G P},
  title = {{Non-singular atomic pseudopotentials for solid state applications}},
  journal = {Journal of Physics C: Solid State Physics},
  year = {1980},
  volume = {13},
  number = {9},
  pages = {L189--L194}
}

@article{Topp:1973cp,
  author = {Topp, William C and Hopfield, John J},
  title = {{Chemically Motivated Pseudopotential for Sodium}},
  journal = {Physical Review B},
  year = {1973},
  volume = {7},
  number = {4},
  pages = {1295--1303},
  month = feb
}
